% Encoding: windows-1252

@ARTICLE{Doll1954,
  author = {Doll, Richard and Hill, A Bradford},
  title = {The mortality of doctors in relation to their smoking habits: a preliminary
	report},
  journal = {British Medical Journal},
  year = {1954},
  volume = {328},
  pages = {1529-1533},
  number = {7455},
  owner = {jbuy519},
  timestamp = {2014.03.28}
}

@BOOK{Moore2002,
  title = {Introduction to the Practice of Statistics},
  publisher = {W. H. Freeman},
  year = {2002},
  author = {Moore, David and McCabe, George},
  owner = {jbuy519},
  timestamp = {2014.01.28}
}

@BOOK{Smits2011,
  title = {Onderzoek met SPSS en Excel},
  publisher = {Pearson Education},
  year = {2011},
  author = {Smits, Johan and Edens, Ronald},
  owner = {jbuy519},
  timestamp = {2014.01.23}
}

@Electronic{VanVreckem2017,
  author       = {Van Vreckem, Bert},
  title        = {De bachelorproef informatica: een praktische gids},
  year         = {2017},
  url          = {https://github.com/HoGentTIN/bachproef-gids},
  version      = {v0.9.1},
  organization = {Hogeschool Gent},
  urldate      = {2017-02-08},
  owner        = {bert},
  timestamp    = {2017-02-08},
}

@Online{Friis2016,
  author   = {Michael Friis},
  title    = {Introducing Docker for Windows Server 2016},
  year     = {2016},
  date     = {2016-09-26},
  url      = {https://blog.docker.com/2016/09/dockerforws2016/},
  abstract = {Een uitgebreide blog-post over het opzetten van een Docker omgeving op Windows Server 2016.},
}

@Online{Docker2016,
  author   = {Docker},
  title    = {Docker for Windows Server},
  year     = {2016},
  date     = {2016-09-26},
  url      = {https://www.docker.com/docker-windows-server#/},
  abstract = {De officiÃ«le website van Docker met een lijst van alle features van Docker voor Windows Server 2016.},
}

@Online{Salman2016,
  author   = {Salman Baset},
  title    = {Docker and Container Security White Paper},
  year     = {2016},
  abstract = {In deze paper worden de voordelen van Docker op vlak van beveiliging besproken.},
  date     = {2016-07-15},
  url      = {http://domino.watson.ibm.com/library/CyberDig.nsf/1e4115aea78b6e7c85256b360066f0d4/040f7f7d5e62f0e58525804500433733!OpenDocument&Highlight=0,RC25625},
}

@Online{Boettiger2014,
  author   = {Carl Boettiger},
  title    = {An introduction to Docker for reproducible research, with examples from the R environment},
  year     = {2014},
  abstract = {Een paper voor het gebruiken van Docker voor het maken van repliceerbare omgeving voor onderzoek in uit te voeren.},
  date     = {2014-10-02},
  url      = {https://arxiv.org/abs/1410.0846},
}

@Electronic{Container2016,
  author       = {Ender Barillas},
  year         = {2016},
  title        = {Windows Containers on Windows Server},
  organization = {Microsoft},
  url          = {https://docs.microsoft.com/en-us/virtualization/windowscontainers/quick-start/quick-start-windows-server},
  abstract     = {Een uitgebreide gids door Windows voor Windows Containers},
  timestamp    = {2016-09-26},
}

@Comment{jabref-meta: databaseType:biblatex;}
